
@techreport{cxx11_standard,
    author = {{The C++ Standards Committee}},
    title =  {{ISO/IEC 14882:2011, Standard for Programming Language C++}},
    year = 2011,
    url = {http://www.open-std.org/jtc1/sc22/wg21},
    note = {http://www.open-std.org/jtc1/sc22/wg21},
}

@misc{boostcpplibraries,
    title = {{Boost: a collection of free peer-reviewed portable C++ source libraries}},
    year = 2013,
    url = {http://www.boost.org/},
    note = {http://www.boost.org/},
}

% Futures
@inproceedings{future1,
    author    = {Henry C. Baker AND Carl Hewitt},
    title     = {The incremental garbage collection of processes},
    booktitle = {SIGART Bull.},
    issue     = {64},
    month     = {August},
    year      = {1977},
    issn      = {0163-5719},
    pages     = {55--59},
    numpages  = {5},
    url       = {http://doi.acm.org/10.1145/872736.806932},
    doi       = {http://doi.acm.org/10.1145/872736.806932},
    acmid     = {806932},
    publisher = {ACM},
    address   = {New York, NY, USA},
    keywords  = {Eager evaluation, Garbage collection, Lazy evaluation, Multiprocessing systems, Processor scheduling},
}

@inproceedings{future2,
    author    = {Daniel P. Friedman AND David S. Wise},
    title     = {CONS Should Not Evaluate its Arguments},
    booktitle = {ICALP},
    year      = {1976},
    pages     = {257-284},
    bibsource = {DBLP, http://dblp.uni-trier.de}
}

% Multilisp
@article{Halstead:1985:MLC:4472.4478,
 author = {Halstead,Jr., Robert H.},
 title = {{MULTILISP}: A Language for Concurrent Symbolic Computation},
 journal = {ACM Trans. Program. Lang. Syst.},
 volume = {7},
 issue = {4},
 month = {October},
 year = {1985},
 issn = {0164-0925},
 pages = {501--538},
 numpages = {38},
 url = {http://doi.acm.org/10.1145/4472.4478},
 doi = {http://doi.acm.org/10.1145/4472.4478},
 acmid = {4478},
 publisher = {ACM},
 address = {New York, NY, USA},
}

% static dataflow
@inproceedings{Dennis74,
  author    = {Jack B. Dennis},
  title     = {First version of a data flow procedure language},
  booktitle = {Symposium on Programming},
  year      = {1974},
  pages     = {362-376},
  bibsource = {DBLP, http://dblp.uni-trier.de}
}

@inproceedings{DennisM98,
  author    = {Jack B. Dennis and
               David Misunas},
  title     = {A Preliminary Architecture for a Basic Data-Flow Processor},
  booktitle = {25 Years ISCA: Retrospectives and Reprints},
  year      = {1998},
  pages     = {125-131},
  ee        = {http://doi.acm.org/10.1145/285930.286058},
  bibsource = {DBLP, http://dblp.uni-trier.de}
}

% dynamic dataflow
@InCollection{dyn_dataflow,
  author =       "{Arvind} and Nikhil, R.",
  editor =       "J. W. de Bakker and A. J. Nijman and P. C. Treleaven",
  title =        "Executing a Program on the {MIT} Tagged-Token Dataflow
                 Architecture",
  booktitle =    "PARLE '87, Parallel Architectures and Languages
                 Europe, Volume 2: Parallel Languages",
  publisher =    "Springer-Verlag",
  address =      "Berlin, DE",
  year =         "1987",
  keywords =     "id functional",
  note =         "Lecture Notes in Computer Science 259.",
}

@article{mutex,
        Address = {New York, NY, USA},
        Author = {Courtois, P. J. and Heymans, F. and Parnas, D. L.},
        Issn = {0001-0782},
        Journal = {Commun. ACM},
        Number = {10},
        Pages = {667--668},
        Publisher = {ACM},
        Title = {Concurrent control with ``readers'' and ``writers''},
        Volume = {14},
        Year = {1971}}

@proceedings{icpp09,
author	= {H. Kaiser and M. Brodowicz and T. Sterling},
title	= "{ParallelX: An Advanced Parallel Execution Model for Scaling-Impaired Applications}",
booktitle	= {Proceedings of the 38th International Conference on Parallel Processing},
series	= {ICPP '09},
year	= {2009},
location	= {Vienna, Austria},
pages	= {394--401}
}

@article{PMBS,
author	= {A. Tabbal and M. Anderson and M. Brodowicz and H. Kaiser and T. Sterling},
title	= "{Preliminary Design Examination of the ParalleX System from a Software and Hardware Perspective}",
journal	= {ACM SIGMETRICS Performance Evaluation Review},
volume	= {38},
number	= {4},
year		= {2011},
pages	= {81--87}
}

@inproceedings{Cilk++,
 author = {Leiserson, Charles E.},
 title = {The Cilk++ Concurrency Platform},
 booktitle = {Proceedings of the 46th Annual Design Automation Conference},
 series = {DAC '09},
 year = {2009},
 isbn = {978-1-60558-497-3},
 location = {San Francisco, California},
 pages = {522--527},
 numpages = {6},
 url = {http://doi.acm.org/10.1145/1629911.1630048},
 doi = {10.1145/1629911.1630048},
 acmid = {1630048},
 publisher = {ACM},
 address = {New York, NY, USA},
 keywords = {Amdahl's Law, dag model, hyperobject, multicore programming, multithreading, parallel programming, parallelism, race detection, reducer, span, speedup, work},
}

@inproceedings{QthreadsScheduling,
 author = {Olivier, Stephen L. and Porterfield, Allan K. and Wheeler, Kyle B. and Prins, Jan F.},
 title = {Scheduling Task Parallelism on Multi-socket Multicore Systems},
 booktitle = {Proceedings of the 1st International Workshop on Runtime and Operating Systems for Supercomputers},
 series = {ROSS '11},
 year = {2011},
 isbn = {978-1-4503-0761-1},
 location = {Tucson, Arizona},
 pages = {49--56},
 numpages = {8},
 url = {http://doi.acm.org/10.1145/1988796.1988804},
 doi = {10.1145/1988796.1988804},
 acmid = {1988804},
 publisher = {ACM},
 address = {New York, NY, USA},
}

@INPROCEEDINGS{Qthreads,
author={Wheeler, K.B. and Murphy, R.C. and Thain, D.},
booktitle={Parallel and Distributed Processing, 2008. IPDPS 2008. IEEE International Symposium on},
title={Qthreads: {An API for programming with millions of lightweight threads}},
year={2008},
month={April},
pages={1-8},
keywords={Unix;application program interfaces;multi-threading;resource allocation;API;HPCCG benchmark;Qthreads;Unix implementation;application program interfaces;large scale hardware supported multithreading;lightweight threads;qthread API;qthread abstraction;resource management;Computer architecture;Costs;Hardware;Laboratories;Large-scale systems;Multithreading;Parallel processing;Programming profession;Resource management;Yarn},
doi={10.1109/IPDPS.2008.4536359},
ISSN={1530-2075},}

@inproceedings{michael1996,
  title={Simple, fast, and practical non-blocking and blocking concurrent queue algorithms},
  author={Michael, Maged M and Scott, Michael L},
  booktitle={Proceedings of the fifteenth annual ACM symposium on Principles of distributed computing},
  booktitle     = {Proceedings of the Fifteenth Annual ACM Symposium on Principles
               of Distributed Computing, Philadelphia, Pennsylvania, USA,
               May 23-26, 1996},
  isbn      = {0-89791-800-2},
  url={http://www.research.ibm.com/people/m/michael/podc-1996.pdf},
  pages={267--275},
  year={1996},
  organization={ACM}
}

@book{treiber1986,
  title={Systems Programming: Coping with Parallelism},
  author={International Business Machines Corporation. Research Division and Treiber, R.K.},
  series={Research Report RJ},
  url={http://domino.research.ibm.com/library/cyberdig.nsf/0/58319a2ed2b1078985257003004617ef?OpenDocument},
  pages = {17--28},
  year={1986},
  publisher={International Business Machines Incorporated, Thomas J. Watson Research Center}
}

@book{herlihy2008,
 author = {Herlihy, Maurice and Shavit, Nir},
 title = {The Art of Multiprocessor Programming},
 year = {2008},
 isbn = {0123705916, 9780123705914},
 url={http://dl.acm.org/citation.cfm?id=1734069},
 publisher = {Morgan Kaufmann Publishers Inc.},
 address = {San Francisco, CA, USA},
}

@misc{inteltbb,
howpublished	= "\url{http://www.threadingbuildingblocks.org/}",
title	= {{Intel\textregistered \ Thread Building Blocks 4.2}}
}

@misc{PAPI,
howpublished	= "\url{http://icl.cs.utk.edu/papi/}",
title 	= {{PAPI}: {Performance Application Programming Interface}}
}

@misc{Intel-manual,
howpublished = "http://www.intel.com/content/www/us/en/architecture-and-technology/64-ia-32-architectures-optimization-manual.html",
title = {Intel\textregistered \ 64 and {IA-32 Architectures Optimization Reference Manual}s}
}

@misc{Phi-manual,
howpublished = "http://software.intel.com/en-us/articles/optimization-and-performance-tuning-for-intel-xeon-phi-coprocessors-part-2-understanding"

@inproceedings{APEX,
 author = {Huck, Kevin and Shende, Sameer and Malony, Allen and Kaiser, Hartmut and Porterfield, Allan and Fowler, Rob and Brightwell, Ron},
 title = {{An Early Prototype of an Autonomic Performance Environment for Exascale}},
 booktitle = {Proceedings of the 3rd International Workshop on Runtime and Operating Systems for Supercomputers},
 series = {ROSS '13},
 year = {2013},
 isbn = {978-1-4503-2146-4},
 location = {Eugene, Oregon},
 pages = {8:1--8:8},
 articleno = {8},
 numpages = {8},
 url = {http://doi.acm.org/10.1145/2491661.2481434},
 doi = {10.1145/2491661.2481434},
 acmid = {2481434},
 publisher = {ACM},
 address = {New York, NY, USA},
}

@misc{pgas_link,
    author = {{PGAS}},
    title = {{PGAS - Partitioned Global Address Space}},
    year = 2013,
    url = {http://www.pgas.org},
    note = {http://www.pgas.org},
}

% X10
@article{Charles:2005:XOA:1103845.1094852,
 author = {Charles, Philippe and Grothoff, Christian and Saraswat, Vijay and Donawa,
        Christopher and Kielstra, Allan and Ebcioglu, Kemal and von Praun,
        Christoph and Sarkar, Vivek},
 title = {{X10}: An object-oriented approach to non-uniform cluster computing},
 journal = {SIGPLAN Not.},
 volume = {40},
 issue = {10},
 month = {October},
 year = {2005},
 issn = {0362-1340},
 pages = {519--538},
 numpages = {20},
 url = {http://doi.acm.org/10.1145/1103845.1094852},
 doi = {http://doi.acm.org/10.1145/1103845.1094852},
 acmid = {1094852},
 publisher = {ACM},
 address = {New York, NY, USA},
 keywords = {Java, X10, atomic blocks, clocks, data distribution, multithreading,
       non-uniform cluster computing (NUCC), partitioned global address space (PGAS),
       places, productivity, scalability},
}

% chapel
@article{Chamberlain07parallelprogrammability,
    author = {Bradford L. Chamberlain and David Callahan and Hans P. Zima},
    title = {Parallel programmability and the {Chapel} language},
    journal = {International Journal of High Performance Computing Applications},
    year = {2007},
    volume = {21},
    pages = {291--312}
}

% UPC
@techreport{UPCSpec,
    author = {{UPC Consortium}},
    citeulike-article-id = {8184513},
    citeulike-linkout-0 = {http://www.gwu.edu/\~{}upc/publications/LBNL-59208.pdf},
    institution = {Lawrence Berkeley National Lab},
    keywords = {pgas, upc},
    number = {LBNL-59208},
    posted-at = {2010-11-03 13:06:17},
    priority = {2},
    title = {{UPC Language Specifications, v1.2}},
    type = {Tech Report},
    url = {http://www.gwu.edu/~upc/publications/LBNL-59208.pdf},
    year = {2005}
}

% Active messages
@inproceedings{Wall:1982:MAA:582153.582157,
 author = {Wall, David W.},
 title = {Messages as active agents},
 booktitle = {Proceedings of the 9th ACM SIGPLAN-SIGACT symposium on Principles of programming languages},
 series = {POPL '82},
 year = {1982},
 isbn = {0-89791-065-6},
 location = {Albuquerque, New Mexico},
 pages = {34--39},
 numpages = {6},
 url = {http://doi.acm.org/10.1145/582153.582157},
 doi = {http://doi.acm.org/10.1145/582153.582157},
 acmid = {582157},
 publisher = {ACM},
 address = {New York, NY, USA},
}
